@inproceedings{SelsamLBLMD19,
  author    = {Daniel Selsam and
               Matthew Lamm and
               Benedikt B{\"{u}}nz and
               Percy Liang and
               Leonardo de Moura and
               David L. Dill},
  title     = {Learning a {SAT} Solver from Single-Bit Supervision},
  booktitle = {7th International Conference on Learning Representations, {ICLR} 2019,
               New Orleans, LA, USA, May 6-9, 2019},
  publisher = {OpenReview.net},
  year      = {2019},
  url       = {https://openreview.net/forum?id=HJMC\_iA5tm},
  timestamp = {Thu, 25 Jul 2019 14:25:49 +0200},
  biburl    = {https://dblp.org/rec/conf/iclr/SelsamLBLMD19.bib},
  bibsource = {dblp computer science bibliography, https://dblp.org}
}

@inproceedings{PratesALLV19,
  author    = {Marcelo O. R. Prates and
               Pedro H. C. Avelar and
               Henrique Lemos and
               Lu{\'{\i}}s C. Lamb and
               Moshe Y. Vardi},
  title     = {Learning to Solve NP-Complete Problems: {A} Graph Neural Network for
               Decision {TSP}},
  booktitle = {The Thirty-Third {AAAI} Conference on Artificial Intelligence, {AAAI}
               2019, The Thirty-First Innovative Applications of Artificial Intelligence
               Conference, {IAAI} 2019, The Ninth {AAAI} Symposium on Educational
               Advances in Artificial Intelligence, {EAAI} 2019, Honolulu, Hawaii,
               USA, January 27 - February 1, 2019},
  pages     = {4731--4738},
  publisher = {{AAAI} Press},
  year      = {2019},
  url       = {https://doi.org/10.1609/aaai.v33i01.33014731},
  doi       = {10.1609/aaai.v33i01.33014731},
  timestamp = {Tue, 02 Feb 2021 08:00:14 +0100},
  biburl    = {https://dblp.org/rec/conf/aaai/PratesALLV19.bib},
  bibsource = {dblp computer science bibliography, https://dblp.org}
}

@inproceedings{LemosPAL19,
  author    = {Henrique Lemos and
               Marcelo O. R. Prates and
               Pedro H. C. Avelar and
               Lu{\'{\i}}s C. Lamb},
  title     = {Graph Colouring Meets Deep Learning: Effective Graph Neural Network
               Models for Combinatorial Problems},
  booktitle = {31st {IEEE} International Conference on Tools with Artificial Intelligence,
               {ICTAI} 2019, Portland, OR, USA, November 4-6, 2019},
  pages     = {879--885},
  publisher = {{IEEE}},
  year      = {2019},
  url       = {https://doi.org/10.1109/ICTAI.2019.00125},
  doi       = {10.1109/ICTAI.2019.00125},
  timestamp = {Sat, 25 Apr 2020 13:54:17 +0200},
  biburl    = {https://dblp.org/rec/conf/ictai/LemosPAL19.bib},
  bibsource = {dblp computer science bibliography, https://dblp.org}
}

@article{TonshoffRWG20,
  author    = {Jan T{\"{o}}nshoff and
               Martin Ritzert and
               Hinrikus Wolf and
               Martin Grohe},
  title     = {Graph Neural Networks for Maximum Constraint Satisfaction},
  journal   = {Frontiers Artif. Intell.},
  volume    = {3},
  pages     = {580607},
  year      = {2020},
  url       = {https://doi.org/10.3389/frai.2020.580607},
  doi       = {10.3389/frai.2020.580607},
  timestamp = {Tue, 02 Mar 2021 23:07:15 +0100},
  biburl    = {https://dblp.org/rec/journals/frai/TonshoffRWG20.bib},
  bibsource = {dblp computer science bibliography, https://dblp.org}
}

@article{abs-1904-12084,
  author    = {Zhanfu Yang and
               Fei Wang and
               Ziliang Chen and
               Guannan Wei and
               Tiark Rompf},
  title     = {Graph Neural Reasoning for 2-Quantified Boolean Formula Solvers},
  journal   = {CoRR},
  volume    = {abs/1904.12084},
  year      = {2019},
  url       = {http://arxiv.org/abs/1904.12084},
  archivePrefix = {arXiv},
  eprint    = {1904.12084},
  timestamp = {Mon, 04 Jan 2021 07:44:04 +0100},
  biburl    = {https://dblp.org/rec/journals/corr/abs-1904-12084.bib},
  bibsource = {dblp computer science bibliography, https://dblp.org}
}

@article{abs-2101-06619,
  author    = {Ruiyang Xu and
               Karl J. Lieberherr},
  title     = {Solving {QSAT} problems with neural {MCTS}},
  journal   = {CoRR},
  volume    = {abs/2101.06619},
  year      = {2021},
  url       = {https://arxiv.org/abs/2101.06619},
  archivePrefix = {arXiv},
  eprint    = {2101.06619},
  timestamp = {Fri, 22 Jan 2021 15:16:00 +0100},
  biburl    = {https://dblp.org/rec/journals/corr/abs-2101-06619.bib},
  bibsource = {dblp computer science bibliography, https://dblp.org}
}

@inproceedings{LedermanRSL20,
  author    = {Gil Lederman and
               Markus N. Rabe and
               Sanjit Seshia and
               Edward A. Lee},
  title     = {Learning Heuristics for Quantified Boolean Formulas through Reinforcement
               Learning},
  booktitle = {8th International Conference on Learning Representations, {ICLR} 2020,
               Addis Ababa, Ethiopia, April 26-30, 2020},
  publisher = {OpenReview.net},
  year      = {2020},
  url       = {https://openreview.net/forum?id=BJluxREKDB},
  timestamp = {Thu, 07 May 2020 17:11:47 +0200},
  biburl    = {https://dblp.org/rec/conf/iclr/LedermanRSL20.bib},
  bibsource = {dblp computer science bibliography, https://dblp.org}
}

@inproceedings{AmizadehMW19,
  author    = {Saeed Amizadeh and
               Sergiy Matusevych and
               Markus Weimer},
  title     = {Learning To Solve Circuit-SAT: An Unsupervised Differentiable Approach},
  booktitle = {7th International Conference on Learning Representations, {ICLR} 2019,
               New Orleans, LA, USA, May 6-9, 2019},
  publisher = {OpenReview.net},
  year      = {2019},
  url       = {https://openreview.net/forum?id=BJxgz2R9t7},
  timestamp = {Thu, 25 Jul 2019 14:25:53 +0200},
  biburl    = {https://dblp.org/rec/conf/iclr/AmizadehMW19.bib},
  bibsource = {dblp computer science bibliography, https://dblp.org}
}

@inproceedings{HannulaKLV21,
  author    = {Miika Hannula and
               Juha Kontinen and
               Martin L{\"{u}}ck and
               Jonni Virtema},
  editor    = {Christel Baier and
               Jean Goubault{-}Larrecq},
  title     = {On the Complexity of Horn and Krom Fragments of Second-Order Boolean
               Logic},
  booktitle = {29th {EACSL} Annual Conference on Computer Science Logic, {CSL} 2021,
               January 25-28, 2021, Ljubljana, Slovenia (Virtual Conference)},
  series    = {LIPIcs},
  volume    = {183},
  pages     = {27:1--27:22},
  publisher = {Schloss Dagstuhl - Leibniz-Zentrum f{\"{u}}r Informatik},
  year      = {2021},
  url       = {https://doi.org/10.4230/LIPIcs.CSL.2021.27},
  doi       = {10.4230/LIPIcs.CSL.2021.27},
  timestamp = {Fri, 09 Apr 2021 18:38:22 +0200},
  biburl    = {https://dblp.org/rec/conf/csl/HannulaKLV21.bib},
  bibsource = {dblp computer science bibliography, https://dblp.org}
}